<collection xmlns="http://www.loc.gov/MARC21/slim">
<record>
  <leader>02295nam0a2200325 i 450 </leader>
  <controlfield tag="001">IT\ICCU\CNCE\015657</controlfield>
  <controlfield tag="005">20071005000000.0</controlfield>
  <datafield tag="012" ind1=" " ind2=" ">
    <subfield code="a">a.le p.m. a.n- &amp;s9. (C) 1593 (A)</subfield>
    <subfield code="2">fei</subfield>
  </datafield>
  <datafield tag="100" ind1=" " ind2=" ">
    <subfield code="a">19970101d1593        0itac0103    ba</subfield>
  </datafield>
  <datafield tag="101" ind1=" " ind2=" ">
    <subfield code="a">ITA</subfield>
  </datafield>
  <datafield tag="102" ind1=" " ind2=" ">
    <subfield code="a">IT</subfield>
  </datafield>
  <datafield tag="200" ind1="1" ind2=" ">
    <subfield code="a">Libro delle grandi gratie, et indulgenze che sono in Roma, concesse in perpetuo alla Compagnia, &amp; scuola de S. Gierolamo posta nella chiesa di Santo Nazaro Pietra Santa di Milano. Per esser vnita, et aggregata alla venerabil&apos;Archiconfraternit ̉dell&apos;Immaculata Concettione della Madonna in SS. Lorenzo &amp; Damaso ...</subfield>
  </datafield>
  <datafield tag="210" ind1=" " ind2=" ">
    <subfield code="a">In Milano</subfield>
    <subfield code="c">per Pacifico Pontio</subfield>
    <subfield code="c">ad instantia delli sodetti scolari in San Nazaro Pietra Santa</subfield>
    <subfield code="d">1593</subfield>
  </datafield>
  <datafield tag="215" ind1=" " ind2=" ">
    <subfield code="a">\36! c.</subfield>
    <subfield code="d">8ʻ</subfield>
  </datafield>
  <datafield tag="620" ind1=" " ind2=" ">
    <subfield code="a">IT</subfield>
    <subfield code="d">Milano</subfield>
  </datafield>
  <datafield tag="710" ind1="0" ind2="2">
    <subfield code="a">Confraternita di S. Girolamo in S. Nazaro Pietrasanta</subfield>
    <subfield code="c"> &lt;Milano&gt;</subfield>
    <subfield code="3">IT\ICCU\CNCT\004211</subfield>
  </datafield>
  <datafield tag="712" ind1="0" ind2="2">
    <subfield code="a">Arciconfraternita della SS. Concezione in S. Lorenzo in Damaso</subfield>
    <subfield code="c"> &lt;Roma&gt;</subfield>
    <subfield code="3">3266</subfield>
  </datafield>
  <datafield tag="712" ind1="0" ind2="0">
    <subfield code="a">Da_Ponte, Pacifico</subfield>
    <subfield code="3">IT\ICCU\CNCT\000162</subfield>
    <subfield code="4">650</subfield>
  </datafield>
  <datafield tag="791" ind1="0" ind2="2">
    <subfield code="a">Compagnia e Scuola di S. Gerolamo in S. Nazaro Pietrasanta</subfield>
    <subfield code="c"> &lt;Milano&gt;</subfield>
    <subfield code="3">IT\ICCU\CNCT\004212</subfield>
    <subfield code="z">Confraternita di S. Girolamo in S. Nazaro Pietrasanta &lt;Milano&gt;</subfield>
  </datafield>
  <datafield tag="791" ind1="0" ind2="2">
    <subfield code="a">Archiconfraternita della Concezione della Madonna in S. Lorenzo in Damaso</subfield>
    <subfield code="c"> &lt;Roma&gt;</subfield>
    <subfield code="3">IT\ICCU\CNCT\004155</subfield>
    <subfield code="z">Arciconfraternita della SS. Concezione in S. Lorenzo in Damaso &lt;Roma&gt;</subfield>
  </datafield>
  <datafield tag="791" ind1="0" ind2="2">
    <subfield code="a">Archiconfraternitas Conceptionis Gloriosissimae et Immaculatae Virginis Mariae SS.Laurentii et Damasi in Vrbe</subfield>
    <subfield code="3">IT\ICCU\CNCT\004156</subfield>
    <subfield code="z">Arciconfraternita della SS. Concezione in S. Lorenzo in Damaso &lt;Roma&gt;</subfield>
  </datafield>
  <datafield tag="791" ind1="0" ind2="2">
    <subfield code="a">Archiconfraternita della Concettione</subfield>
    <subfield code="c"> &lt;Roma&gt;</subfield>
    <subfield code="3">15422</subfield>
    <subfield code="z">Arciconfraternita della SS. Concezione in S. Lorenzo in Damaso &lt;Roma&gt;</subfield>
  </datafield>
  <datafield tag="791" ind1="0" ind2="0">
    <subfield code="a">Pontius, Pacificus</subfield>
    <subfield code="3">IT\ICCU\CNCT\003713</subfield>
    <subfield code="z">Da_Ponte, Pacifico</subfield>
  </datafield>
  <datafield tag="791" ind1="0" ind2="0">
    <subfield code="a">Ponte, Pacifico da</subfield>
    <subfield code="3">IT\ICCU\CNCT\003714</subfield>
    <subfield code="z">Da_Ponte, Pacifico</subfield>
  </datafield>
  <datafield tag="791" ind1="0" ind2="0">
    <subfield code="a">Pontio, Pacifico</subfield>
    <subfield code="3">IT\ICCU\CNCT\004493</subfield>
    <subfield code="z">Da_Ponte, Pacifico</subfield>
  </datafield>
  <datafield tag="791" ind1="0" ind2="0">
    <subfield code="a">Ponticus, Pacificus</subfield>
    <subfield code="3">IT\ICCU\CNCT\004494</subfield>
    <subfield code="z">Da_Ponte, Pacifico</subfield>
  </datafield>
  <datafield tag="791" ind1="0" ind2="0">
    <subfield code="a">Ponzio, Pacifico</subfield>
    <subfield code="3">IT\ICCU\CNCT\004496</subfield>
    <subfield code="z">Da_Ponte, Pacifico</subfield>
  </datafield>
  <datafield tag="801" ind1=" " ind2="3">
    <subfield code="a">IT</subfield>
    <subfield code="b">ICCU</subfield>
    <subfield code="c">20201114</subfield>
  </datafield>
  <datafield tag="899" ind1=" " ind2=" ">
    <subfield code="a">Biblioteca nazionale Braidense. Milano</subfield>
    <subfield code="1">MI0185</subfield>
    <subfield code="2">MIL NB</subfield>
  </datafield>
  <datafield tag="899" ind1=" " ind2=" ">
    <subfield code="a">Biblioteca del Seminario arcivescovile di Milano. Venegono Inferiore</subfield>
    <subfield code="1">VA0122</subfield>
    <subfield code="2">ZVA 04</subfield>
  </datafield>
</record>
</collection>
